@misc{g4gweb,
   author = "G. Shabharesh",
   title = "Stop and Wait ARQ",
   url = {https://media.geeksforgeeks.org/wp-content/uploads/Stop-and-Wait-ARQ-7.png},
   date = {2019-11-3},
   year = "2019"
}
